<record><leader>00000cas a22000007a 4500</leader><controlfield tag="001">9430910</controlfield><controlfield tag="008">830420d18811884ohuwr ne      0    0eng d</controlfield><datafield ind1=" " ind2=" " tag="010"><subfield code="a">sn 83035077 </subfield></datafield><datafield ind1=" " ind2=" " tag="040"><subfield code="a">NPY</subfield><subfield code="b">eng</subfield><subfield code="c">NPY</subfield><subfield code="d">ONP</subfield><subfield code="d">OCLCQ</subfield></datafield><datafield ind1=" " ind2=" " tag="042"><subfield code="a">msc</subfield></datafield><datafield ind1="0" ind2="4" tag="245"><subfield code="a">The Labor star.</subfield></datafield><datafield ind1=" " ind2=" " tag="260"><subfield code="a">Cleveland, Ohio :</subfield><subfield code="b">[Thompson &amp; Davey]</subfield></datafield><datafield ind1=" " ind2=" " tag="300"><subfield code="a">v. :</subfield><subfield code="b">ill. ;</subfield><subfield code="c">56 cm.</subfield></datafield><datafield ind1=" " ind2=" " tag="310"><subfield code="a">Weekly</subfield></datafield><datafield ind1="1" ind2=" " tag="362"><subfield code="a">Began in Aug. 1881; ceased in 1884?</subfield><subfield code="z">Cf. Gutgesell, S. Guide to Ohio newspapers, 1974.</subfield></datafield><datafield ind1=" " ind2=" " tag="500"><subfield code="a">Published on Saturday.</subfield></datafield><datafield ind1=" " ind2=" " tag="500"><subfield code="a">"Star is a paper for the people, and particularly for the members of the organized workingmen's union."</subfield></datafield><datafield ind1=" " ind2=" " tag="500"><subfield code="a">Special edition published Oct. 7, 1883 with regular weekly numbering.</subfield></datafield><datafield ind1=" " ind2=" " tag="550"><subfield code="a">The official organ: of the Knights of Labor and Cleveland Trades Assembly.</subfield></datafield><datafield ind1=" " ind2=" " tag="588"><subfield code="a">Description based on: Vol. 3, no. 3 (Sept. 1, 1883).</subfield></datafield><datafield ind1="2" ind2=" " tag="710"><subfield code="a">Knights of Labor (Cleveland, Ohio)</subfield></datafield><datafield ind1="2" ind2=" " tag="710"><subfield code="a">Trades Assembly of Cleveland.</subfield></datafield><datafield ind1=" " ind2=" " tag="752"><subfield code="a">United States</subfield><subfield code="b">Ohio</subfield><subfield code="c">Cuyahoga</subfield><subfield code="d">Cleveland.</subfield></datafield><datafield ind1="1" ind2=" " tag="029"><subfield code="a">AU@</subfield><subfield code="b">000025838121</subfield></datafield></record>